001  0000192
005  20180718152350.041
008  170720s||||     bl|||||||||||||||||por|u
020    $a9788579780363
040    $aPorto Alegre$bpor
080    $2929$a1997
090    $a929$bF224m
100 1  $aFarias, Éder Luis
245 10 $aDa música a medicina$ba odisséia da formatura do segundo médico gaúcho negro$cÉder Luis Farias
260    $aPorto Alegre$bCidadela$c2010
300    $a112 p.$bil.
650    $aTrajetória
650    $aBiografia
650    $aFamília
650    $aMedicina
651    $aRio Grande do Sul
